%% This BibTeX bibliography file was created using BibDesk.
%% http://bibdesk.sourceforge.net/


%% Created for Inna Gerlovina at 2022-03-31 18:09:58 -0700 


%% Saved with string encoding Unicode (UTF-8) 



@book{knuth2011art,
	author = {Knuth, Donald E},
	date-added = {2022-03-30 00:34:16 -0700},
	date-modified = {2022-03-31 18:09:58 -0700},
	publisher = {Pearson Education India},
	title = {The {Art} of {Computer} {Programming}, {Volume} {4A}: {Combinatorial} {Algorithms}, {Part} 1},
	year = {2011}}

@article{makhnei2021msubmultisets,
	author = {Makhnei, O.V. and Pylypiv, V.M.Zatorskii, R.A.},
	date-added = {2022-03-29 23:04:22 -0700},
	date-modified = {2022-03-29 23:10:07 -0700},
	doi = {10.15330/cmp.13.1.240-258},
	journal = {Carpathian Mathematical Publications},
	title = {$m$-submultisets and $m$-permutations of multisets elements},
	year = {2021, 13 (1), 240--258}}

